@Book{hottbook,
  author =    {The {Univalent Foundations Program}},
  title =     {Homotopy Type Theory: Univalent Foundations of Mathematics},
  publisher = {\url{https://homotopytypetheory.org/book}},
  address =   {Institute for Advanced Study},
  year =      2013}

@misc{hottagda,
  author = {Kuen-Bang {Hou (Favonia)}},
  title = {{Homotopy Type Theory} in {Agda}},
  year = {2016},
  publisher = {GitHub},
  journal = {GitHub repository},
  howpublished = {\url{https://github.com/HoTT/HoTT-Agda}}
}

@book{norell2007towards,
  title={Towards a practical programming language based on dependent type theory},
  author={Norell, Ulf},
  volume={32},
  year={2007},
  publisher={Citeseer}
}

@article{fiore2008cartesian,
  title={The cartesian closed bicategory of generalised species of structures},
  author={Fiore, Marcelo and Gambino, Nicola and Hyland, Martin and Winskel, Glynn},
  journal={Journal of the London Mathematical Society},
  volume={77},
  number={1},
  pages={203--220},
  year={2008},
  publisher={Oxford University Press}
}

@incollection{joyal1986foncteurs,
  title={Foncteurs analytiques et especes de structures},
  author={Joyal, Andr{\'e}},
  booktitle={Combinatoire {\'e}num{\'e}rative},
  pages={126--159},
  year={1986},
  publisher={Springer}
}

@misc{benabou1973distributeurs,
  title={Les distributeurs},
  author={B{\'e}nabou, Jean},
  year={1973},
  publisher={Rapport}
}

@article{martin1975intuitionistic,
  title={An intuitionistic theory of types: Predicative part},
  author={Martin-L{\"o}f, Per},
  journal={Studies in Logic and the Foundations of Mathematics},
  volume={80},
  pages={73--118},
  year={1975},
  publisher={Elsevier}
}

@article{lawvere1973metric,
  title={Metric spaces, generalized logic, and closed categories},
  author={Lawvere, F William},
  journal={Rendiconti del seminario mat{\'e}matico e fisico di Milano},
  volume={43},
  number={1},
  pages={135--166},
  year={1973},
  publisher={Springer}
}
