@Book{hottbook,
  author =    {The {Univalent Foundations Program}},
  title =     {Homotopy Type Theory: Univalent Foundations of Mathematics},
  publisher = {\url{https://homotopytypetheory.org/book}},
  address =   {Institute for Advanced Study},
  year =      2013}

@online{hottagda,
  author={Guillaume Brunerie
    and Kuen-Bang {Hou (Favonia)}
    and Evan Cavallo
    and Eric Finster
    and Jesper Cockx
    and Christian Sattler
    and Chris Jeris
    and Michael Shulman
    and others},
  title={Homotopy Type Theory in {A}gda},
  url={https://github.com/HoTT/HoTT-Agda}
}

@phdthesis{norell2007towards,
  title={Towards a practical programming language based on dependent type theory},
  author={Norell, Ulf},
  year={2007},
  school={Chalmers University of Technology}
}

@article{fiore2008cartesian,
  title={The cartesian closed bicategory of generalised species of structures},
  author={Fiore, Marcelo and Gambino, Nicola and Hyland, Martin and Winskel, Glynn},
  journal={Journal of the London Mathematical Society},
  volume={77},
  number={1},
  pages={203--220},
  year={2008},
  publisher={Oxford University Press}
}

@incollection{joyal1986foncteurs,
  title={Foncteurs analytiques et especes de structures},
  author={Joyal, Andr{\'e}},
  booktitle={Combinatoire {\'e}num{\'e}rative},
  series =	"Lecture Notes in Mathematics",
  volume =	"1234",
  pages={126--159},
  year={1986},
  publisher={Springer Verlag}
}

@Article{joyal1981une,
  author =	"Andr{\'e} Joyal",
  journal =	"Advances in Mathematics",
  number =	"1",
  pages =	"1--82",
  title =	"Une Th{\'e}orie Combinatoire des {S}{\'e}ries
		 Formelles",
  volume =	"42",
  year = 	"1981",
}


@Book{bergeron1998combinatorial,
  address =	"Cambridge",
  author =	"F. Bergeron and G. Labelle and P. Leroux",
  number =	"67",
  publisher =	"Cambridge University Press",
  series =	"Encyclopedia of Mathematics and its Applications",
  title =	"Combinatorial species and tree-like structures",
  year = 	"1998",
}

@misc{benabou1973distributeurs,
  title={Les distributeurs},
  author={B{\'e}nabou, Jean},
  year={1973},
  publisher={Rapport}
}

@article{martin1975intuitionistic,
  title={An intuitionistic theory of types: Predicative part},
  author={Martin-L{\"o}f, Per},
  journal={Studies in Logic and the Foundations of Mathematics},
  volume={80},
  pages={73--118},
  year={1975},
  publisher={Elsevier}
}

@article{lawvere1973metric,
  title={Metric spaces, generalized logic, and closed categories},
  author={Lawvere, F William},
  journal={Rendiconti del seminario mat{\'e}matico e fisico di Milano},
  volume={43},
  number={1},
  pages={135--166},
  year={1973},
  publisher={Springer}
}

@phdthesis{yorgey2014combinatorial,
  title={Combinatorial species and labelled structures},
  author={Yorgey, Brent Abraham},
  year={2014},
  school={University of Pennsylvania}
}

@article{kraus2014general,
  title={The general universal property of the propositional truncation},
  author={Kraus, Nicolai},
  journal={Postproceedings of Types for Proofs and Programs (TYPES)},
  year={2014}
}

@phdthesis{hou2017higher,
  title={Higher-Dimensional Types in the Mechanization of Homotopy Theory},
  author={Hou, Kuen-Bang},
  year={2017},
  school={Carnegie Mellon University}
}

@article{fiore2005mathematical,
  title =	"Mathematical models of computational and combinatorial
		 structures",
  author =	"Fiore, Marcelo",
  publisher =	"Springer-Verlag",
  year = 	"2005",
  bibsource =	"OAI-PMH server at citeseerx.ist.psu.edu",
  contributor =  "CiteSeerX",
  language =	"en",
  oai =  	"oai:CiteSeerXPSU:10.1.1.104.6127",
  relation =	"10.1.1.11.523; 10.1.1.62.9845; 10.1.1.23.7716;
		 10.1.1.5.9618; 10.1.1.113.4244; 10.1.1.51.2074;
		 10.1.1.125.3527; 10.1.1.5.630; 10.1.1.109.2328;
		 10.1.1.140.8064; 10.1.1.132.3216; 10.1.1.97.1503;
		 10.1.1.128.1230; 10.1.1.140.5424",
  rights =	"Metadata may be used without restrictions as long as
		 the oai identifier remains attached to it.",
}
